
@inproceedings{Clarke2008,
	author    = {C. L. A. Clarke and others},
	title     = {Novelty and diversity in information retrieval evaluation},
	booktitle = {{SIGIR}},
	year      = {2008},
}


@article{Drosou,
	author    = {M. Drosou and
	E. Pitoura},
	title     = {Search result diversification},
	journal   = {{SIGMOD} Record},
	volume    = {39},
	number    = {1},
	pages     = {41--47},
	year      = {2010},
}

@article{TKDEHumaira,
	author    = {H. Ehsan and others},
	title     = {Efficient Recommendation of Aggregate Data Visualizations},
	journal   = {TKDE},
	volume    = {30},
	number    = {2},
	pages     = {263--277},
	year      = {2018},
}

	

@inproceedings{Ehsan2016,
	author    = {H. Ehsan and others},
	title     = {MuVE: Efficient Multi-Objective View Recommendation for Visual Data
	Exploration},
	booktitle = {{ICDE} },
	year      = {2016},
}

@inproceedings{Fagin:2003:CTK:644108.644113,
	author    = {R. Fagin and others},
	title     = {Comparing top k lists},
	booktitle = { {ACM-SIAM} },
	year      = {2003},
}

@inproceedings{Hu:2009:EAT:1516360.1516487,
	author    = {Y. Hu and others},
	title     = {Estimating aggregates in time-constrained approximate queries in Oracle},
	booktitle = {{EDBT}},
	year      = {2009},
}

@article{Ilyas:2008:STK:1391729.1391730,
	author    = {I. F. Ilyas and others},
	title     = {A survey of top-\emph{k} query processing techniques in relational
	database systems},
	journal   = {{ACM} Comput. Surv.},
	volume    = {40},
	number    = {4},
	pages     = {11:1--11:58},
	year      = {2008},
}



@inproceedings{kandel2012profiler,
	author    = {S. Kandel and others},
	title     = {Profiler: integrated statistical analysis and visualization for data quality assessment},
	booktitle = {{AVI} },
	year      = {2012},
}


@inproceedings{DBLP:conf/dexa/Kantere16,
  author    = {V. Kantere},
  title     = {Query Similarity for Approximate Query Answering},
  booktitle = {DEXA},
  year      = {2016},
}

@inproceedings{DBLP:conf/cikm/KantereOKS15,
  author    = {V. Kantere and others},
  title     = {Query Relaxation across Heterogeneous Data Sources},
  booktitle = {CIKM},
  year      = {2015},
}

@inproceedings{Key2012,
	author    = {A. Key and others},
	title     = {VizDeck: self-organizing dashboards for visual analytics},
	booktitle = { {SIGMOD} },
	year      = {2012},
}


@inproceedings{Rafiei2010,
	author    = {D. Rafiei and others},
	title     = {Diversifying web search results},
	booktitle = {{WWW}},
	year      = {2010},
}


@inproceedings{DBLP:conf/ssdbm/SellamK16,
  author    = {T. Sellam and
               M. L. Kersten},
  title     = {Fast, Explainable View Detection to Characterize Exploration Queries},
  booktitle = {SSDBM},
  year      = {2016},
}


@article{DBLP:journals/pvldb/SellamK16,
  author    = {T. Sellam and others},
  title     = {Ziggy: Characterizing Query Results for Data Explorers},
  journal   = {{PVLDB}},
  volume    = {9},
  number    = {13},
  pages     = {1473--1476},
  year      = {2016},
}


@article{DBLP:journals/tvcg/SeoS06,
  author    = {J. Seo and
               B. Shneiderman},
  title     = {Knowledge Discovery in High-Dimensional Data: Case Studies and a User
               Survey for the Rank-by-Feature Framework},
  journal   = {TVGC},
  volume    = {12},
  number    = {3},
  pages     = {311--322},
  year      = {2006},

}


@inproceedings{Smyth2001,
	author    = {B. Smyth and others},
	title     = {Similarity vs. Diversity},
	booktitle = { {ICCBR} },
	year      = {2001},
}


@inproceedings{DBLP:conf/sigmod/TranC10,
  author    = {Q. T. Tran and
               C. Y. Chan},
  title     = {How to ConQueR why-not questions},
  booktitle = {SIGMOD},
  year      = {2010},
}

@article{Vartak2015,
	author    = {M. Vartak and others},
	title     = {{SEEDB:} Efficient Data-Driven Visualization Recommendations to Support
	Visual Analytics},
	journal   = {{PVLDB}},
	volume    = {8},
	number    = {13},
	pages     = {2182--2193},
	year      = {2015},
}

@article{Vartak2014,
	author    = {M. Vartak and others},
	title     = {{SEEDB:} Automatically Generating Query Visualizations},
	journal   = {{PVLDB}},
	volume    = {7},
	number    = {13},
	pages     = {1581--1584},
	year      = {2014},
}

@article{Viegas2007,
	author = {F. B. Viegas and others},
	journal = {TVGC},
	keywords = {Communication-minded visualization,Social data analysis,Social software,Visualization,World wide web},
	pages = {1121--1128},
	pmid = {17968055},
	title = {{Many Eyes: A site for visualization at internet scale}},
	year = {2007}
}

@inproceedings{Vieira2011,
	author    = {M. R. Vieira and others},
	title     = {On query result diversification},
	booktitle = {{ICDE}},
	year      = {2011},
}


@article{Wu2014,
	author    = {E. Wu and others},
	title     = {The Case for Data Visualization Management Systems},
	journal   = {{PVLDB}},
	volume    = {7},
	number    = {10},
	pages     = {903--906},
	year      = {2014}
}


@inproceedings{Yu2009,
	author    = {C. Yu and others},
	title     = {It takes variety to make a world: diversification in recommender systems},
	booktitle = {{EDBT} },
	year      = {2009},
}


@article{Vartak2017,
	author    = {M. Vartak and others},
	title     = {Towards Visualization Recommendation Systems},
	journal   = {{SIGMOD} Record},
	volume    = {45},
	number    = {4},
	pages     = {34--39},
	year      = {2016},
}


@inproceedings{Zhang2008,
	author    = {M. Zhang and
	N. Hurley},
	title     = {Avoiding monotony: improving the diversity of recommendation lists},
	booktitle = {RecSys},
	year      = {2008},
}


@inproceedings{Khan2015,
	author    = {H. A. Khan and
	M. A. Sharaf},
	title     = {Progressive diversification for column-based data exploration platforms},
	booktitle = {{ICDE} },
	year      = {2015},
}

@inproceedings{DBLP:conf/sigmod/HussainKS15,
	author    = {Z. Hussain and others},
	title     = {Diversifying with Few Regrets, But too Few to Mention},
	booktitle = {{ExploreDB}},
	year      = {2015},
}

@article{DBLP:journals/www/AlbarrakS17,
	author    = {A. M. Albarrak and
	M. A. Sharaf},
	title     = {Efficient schemes for similarity-aware refinement of aggregation queries},
	journal   = {World Wide Web},
	volume    = {20},
	number    = {6},
	pages     = {1237--1267},
	year      = {2017},
}