@ARTICLE{TKDEHumaira, 
	author={H. Ehsan and others}, 
	journal={TKDE}, 
	title={Efficient Recommendation of Aggregate Data Visualizations}, 
	year={2018}, 
	volume={30}, 
	number={2}, 
	pages={263-277}, 
	keywords={data aggregation;data visualisation;Data visualization;MultiObjective View Recommendation;aggregate Data visualizations;data exploration;high data processing cost;low-utility views;multiobjective utility function;numerical dimensional attributes;top-k visualizations;upper MuVE;Aggregates;Data aggregation;Data visualization;Measurement;Search problems;Visual databases;Visualization;Data exploration;aggregate views;view recommendation;visual analytics}, 
	month={Feb},}

@inproceedings{DBLP:conf/sigmod/TranC10,
  author    = {Quoc Trung Tran and
               Chee-Yong Chan},
  title     = {How to ConQueR why-not questions},
  booktitle = {SIGMOD},
  year      = {2010},
  nopages     = {15-26},
}

@inproceedings{DBLP:conf/dexa/Kantere16,
  author    = {V. Kantere},
  title     = {Query Similarity for Approximate Query Answering},
  booktitle = {DEXA},
  nopages     = {355--367},
  year      = {2016},
}

@inproceedings{DBLP:conf/cikm/KantereOKS15,
  author    = {Verena Kantere and others},
  title     = {Query Relaxation across Heterogeneous Data Sources},
  booktitle = {CIKM},
  nopages     = {473--482},
  year      = {2015},
}

@inproceedings{Vartak2015,
	author = {Vartak, M and others},
	file = {:C$\backslash$:/Users/uqrmafru/Dropbox/PhD{\_}research/recommended{\_}by{\_}sharaf/penting/seeDB-vartak.pdf:pdf},
	issn = {21508097},
	journal = {VLDB},
	title = {{SEEDB : Efficient Data-Driven Visualization Recommendations to Support Visual Analytics}},
	volume = {8},
	year = {2015}
}

@inproceedings{Vartak2014,
	author = {Vartak, Manasi and Madden, Samuel},
	file = {:C$\backslash$:/Users/uqrmafru/AppData/Local/Mendeley Ltd./Mendeley Desktop/Downloaded/Vartak, Madden - 2014 - S EE DB Automatically Generating Query Visualizations.pdf:pdf},
	issn = {21508097},
	journal = {VLDB},
	title = {{S EE DB : Automatically Generating Query Visualizations}},
	year = {2014}
}

@inproceedings{Ehsan2016,
	author = {Ehsan, H and others},
	file = {:C$\backslash$:/Users/uqrmafru/Dropbox/PhD{\_}research/recommended{\_}by{\_}sharaf/MuVE- Efficient Multi-Objective View.pdf:pdf},
	isbn = {9781509020195},
	journal = {ICDE},
	year = {2016},
	title = {{MuVE: Efficient Multi-Objective View Recommendation for Visual Data Exploration}}

}

@inproceedings{Zhang2008,
	author = {Zhang, Mi and Hurley, Neil},
	file = {:C$\backslash$:/Users/uqrmafru/AppData/Local/Mendeley Ltd./Mendeley Desktop/Downloaded/Zhang, Hurley - 2008 - Avoiding Monotony Improving the Diversity of Recommendation Lists.pdf:pdf},
	isbn = {978-1-60558-093-7},
	journal = {Recommender Systems},
	keywords = {accuracy,all part,diversity,granted without fee,hard copies,metrics,novelty,permission make digital,personal classroom use,provided copies,recommender system,work},
	title = {{Avoiding Monotony: Improving the Diversity of Recommendation Lists}},
	year = {2008}
}
@inproceedings{Clarke2008,
	author = {Clarke, Charles L.A and others},
	file = {:C$\backslash$:/Users/uqrmafru/Dropbox/PhD{\_}papers/resources/diveristy/novelty-based diversity.pdf:pdf},
	isbn = {9781605581644},
	issn = {15335399},
	journal = { SIGIR},
	year = {2008},
	title = {{Novelty and diversity in information retrieval evaluation}}

}
@inproceedings{Rafiei2010,
	author = {Rafiei, Davood and Bharat, Krishna and Shukla, Anand},
	file = {:C$\backslash$:/Users/uqrmafru/Dropbox/PhD{\_}papers/resources/diveristy/diversifying web search results.pdf:pdf},
	isbn = {9781605587998},
	journal = {WWW},
	year = {2010},
	keywords = {query ambiguity,result diversity,search diversity},
	title = {{Diversifying web search results}}

}

@inproceedings{Yu2009,
	author = {Yu, Cong and others},
	title = {It Takes Variety to Make a World: Diversification in Recommender Systems},
	booktitle = {EDBT},
	year = {2009},
} 

@article{Vartak2017,
	author = {Vartak, Manasi and Huang, Silu and Siddiqui, Tarique and Madden, Samuel and Parameswaran, Aditya},
	file = {:C$\backslash$:/Users/uqrmafru/Desktop/06{\_}vision{\_}Vartak.pdf:pdf},
	issn = {01635808},
	journal = {ACM SIGMOD Record},
	title = {{Towards Visualization Recommendation Systems}},
	year = {2017}
}

@inproceedings{Vieira2011,
	author = {Vieira, Marcos R. and others},
	file = {:C$\backslash$:/Users/uqrmafru/Dropbox/PhD{\_}papers/viz{\_}rec/ref/diversity/query{\_}result{\_}diversification.pdf:pdf},
	isbn = {9781424489589},
	issn = {10844627},
	journal = {ICDE},
	title = {{On query result diversification}},
	year = {2011}
}


@inproceedings{Wu2014,
	author = {Wu, Eugene and Battle, Leilani and Madden, Samuel R.},
	file = {:C$\backslash$:/Users/uqrmafru/Dropbox/PhD{\_}papers/viz{\_}rec/ref/visualization{\_}data{\_}management.pdf:pdf},
	issn = {21508097},
	journal = {VLDB Endowment},
	title = {{The case for data visualization management systems}},
	year = {2014}
}
@inproceedings{Smyth2001,
	author = {Smyth, Barry and Mcclave, Paul},
	file = {:C$\backslash$:/Users/uqrmafru/AppData/Local/Mendeley Ltd./Mendeley Desktop/Downloaded/Smyth, Mcclave - 2001 - Similarity vs . Diversity.pdf:pdf},
	title = {{Similarity vs . Diversity}},
	journal = {ICCBR},
	year = {2001}
}

@article{Khan2015,
	author = {Khan, Hina A. and Sharaf, Mohamed A.},
	file = {:C$\backslash$:/Users/uqrmafru/Desktop/07113295.pdf:pdf},
	isbn = {9781479979639},
	issn = {10844627},
	journal = {ICDE},
	title = {{Progressive diversification for column-based data exploration platforms}},
	year = {2015}
}

@inproceedings{Key2012,
	author = {Key, Alicia and others},
	file = {:C$\backslash$:/Users/uqrmafru/Dropbox/PhD{\_}research/recommended{\_}by{\_}sharaf/buat-referensi-kalau mau bagi-bagi sample/p681-key.pdf:pdf},
	isbn = {978-1-4503-1247-9},
	issn = {07308078},
	journal = {SIGMOD Conference},
	title = {{VizDeck: self-organizing dashboards for visual analytics}},
	year = {2012}
}

@article{Viegas2007,
	abstract = {: a Site for Visualization at Internet Scale. Full text, Full text available on the Publisher site Publisher Site. Source, IEEE },
	author = {Viegas, Fernanda B. and others},
	file = {:C$\backslash$:/Users/uqrmafru/Dropbox/PhD{\_}papers/resources/REF/manyeyes.pdf:pdf},
	isbn = {1077-2626},
	issn = {10772626},
	journal = {TVGC},
	keywords = {Communication-minded visualization,Social data analysis,Social software,Visualization,World wide web},
	pages = {1121--1128},
	pmid = {17968055},
	title = {{Many Eyes: A site for visualization at internet scale}},
	year = {2007}
}


@inproceedings{Drosou,
	author = {Drosou, M and others},
	file = {:C$\backslash$:/Users/uqrmafru/Dropbox/PhD{\_}research/recommended{\_}by{\_}sharaf/buat-referensi-kalau mau bagi-bagi sample/a15-khan.pdf:pdf},
	isbn = {978-1-4503-2722-0},
	journal = {SIGMOD Record},
	title = {{Search Result Diversification}},
	volume = {39},
	number = {1},
	year = {2010},
}

@inproceedings{kandel2012profiler,
  title={Profiler: Integrated statistical analysis and visualization for data quality assessment},
  author={Kandel, Sean and others},
  booktitle={AFI},
  year={2012},
}

@inproceedings{DBLP:conf/ssdbm/SellamK16,
  author    = {Thibault Sellam and
               Martin L. Kersten},
  title     = {Fast, Explainable View Detection to Characterize Exploration Queries},
  booktitle = {SSDBM},
  year      = {2016},
}

@article{DBLP:journals/pvldb/SellamK16,
  author    = {Thibault Sellam and others},
  title     = {Ziggy: Characterizing Query Results for Data Explorers},
  journal   = {{PVLDB}},
  volume    = {9},
  number    = {13},
  pages     = {1473--1476},
  year      = {2016},
  timestamp = {Fri, 09 Sep 2016 17:23:24 +0200},
}

@article{DBLP:journals/tvcg/SeoS06,
  author    = {Jinwook Seo and
               Ben Shneiderman},
  title     = {Knowledge Discovery in High-Dimensional Data: Case Studies and a User
               Survey for the Rank-by-Feature Framework},
  journal   = {TVGC},
  volume    = {12},
  number    = {3},
  pages     = {311--322},
  year      = {2006},
  timestamp = {Sun, 28 May 2017 13:18:26 +0200},

}

@inproceedings{Hu:2009:EAT:1516360.1516487,
	author = {Hu, Ying and others},
	title = {Estimating Aggregates in Time-constrained Approximate Queries in Oracle},
	booktitle = {EDBT},
	year = {2009},
	pages = {1104--1107},
	numpages = {4},
	acmid = {1516487},
	publisher = {ACM},
} 


@inproceedings{Fagin:2003:CTK:644108.644113,
	author = {Fagin, Ronald and others},
	title = {Comparing Top K Lists},
	booktitle = {ACM-SIAM},
	series = {SODA '03},
	year = {2003},
} 

@article{Ilyas:2008:STK:1391729.1391730,
	author = {Ilyas, Ihab F. and others},
	title = {A Survey of Top-k Query Processing Techniques in Relational Database Systems},
	journal = {ACM Comput. Surv.},
	volume = {40},
	number = {4},
	year = {2008},
} 
[download]
